@inproceedings{buolamwini2018gender,
  title={Gender shades: Intersectional accuracy disparities in commercial gender classification},
  author={Buolamwini, Joy and Gebru, Timnit},
  booktitle={Conference on fairness, accountability and transparency},
  pages={77--91},
  year={2018},
  organization={PMLR}
}

@article{degrave2021ai,
  title={AI for radiographic COVID-19 detection selects shortcuts over signal},
  author={DeGrave, Alex J and Janizek, Joseph D and Lee, Su-In},
  journal={Nature Machine Intelligence},
  volume={3},
  number={7},
  pages={610--619},
  year={2021},
  publisher={Nature Publishing Group}
}