@article{santurkar2019image,
  title={Image synthesis with a single (robust) classifier},
  author={Santurkar, Shibani and Tsipras, Dimitris and Tran, Brandon and Ilyas, Andrew and Engstrom, Logan and Madry, Aleksander},
  journal={Advances in neural information processing systems},
  year={2019}
}

@article{olah2017feature,
  author = {Olah, Chris and Mordvintsev, Alexander and Schubert, Ludwig},
  title = {Feature Visualization},
  journal = {Distill},
  year = {2017},
  note = {https://distill.pub/2017/feature-visualization},
  doi = {10.23915/distill.00007}
}

@article{engstrom2019adversarial,
  title={Adversarial robustness as a prior for learned representations},
  author={Engstrom, Logan and Ilyas, Andrew and Santurkar, Shibani and Tsipras, Dimitris and Tran, Brandon and Madry, Aleksander},
  journal={arXiv preprint arXiv:1906.00945},
  year={2019}
}